
@manual{ glimmerglass,
	title = "Intelligent Optical Signal Selection and Monitoring",
	author = "Glimmerglass Solutions",
	note = "\url{http://www.glimmerglass.com/default/assets/File/Documents/app_notes/App%20Notes
%20-%20Lawful%20Interception.pdf}",
	year = "2013 (Accessed 2016-04-18)"
}

@manual{ sans,
	title = "Fiber Optics and its Security Vulnerabilities",
	author = "SANS Institute InfoSec Reading Room",
	note = "\url{https://www.sans.org/reading-room/whitepapers/physical/fiber-optics-security-vulnerabilities-1648}",
	year = "2005 (Accessed 2016-04-18)"
}

@manual{ opterna,
	title = "Vulnerability of Fiber Optic Infrastructure to Intrusion",
	author = "Opterna For Enlightened Networks",
	note = "\url{http://www.certconf.org/presentations/2003/Tues/TG2.pdf}",
	year = "Accessed 2016-04-18"
}

@manual{ atlantic,
	title = "The Creepy, Long-Standing Practice of Undersea Cable Tapping",
	author = "The Atlantic",
	note = "\url{http://www.theatlantic.com/international/archive/2013/07/the-creepy-long-standing-practice-of-undersea-cable-tapping/277855/}",
	year = "2013(Accessed 2016-04-18)"
}

@manual{ faraday,
	title = "Faraday's Law",
	author = "HyperPhysics",
	note = "\url{http://hyperphysics.phy-astr.gsu.edu/hbase/electric/farlaw.html#c1}",
	year = "Accessed 2016-02-14"
}

@manual{ magneticfields,
	title = "Magnetic Fields of Current",
	author = "HyperPhysics",
	note = "\url{http://hyperphysics.phy-astr.gsu.edu/hbase/magnetic/magcur.html}",
	year = "Accessed 2016-02-14"
}